Year,Quarter,Loan_Count,Total_Sales,Avg_Loan,Std_Loan,Min_Loan,Max_Loan,Date,Time_Index,Year_Quarter,Sales_Lag_1,Count_Lag_1,Sales_Lag_2,Count_Lag_2,Sales_Lag_3,Count_Lag_3,Sales_Lag_4,Count_Lag_4,Sales_Lag_8,Count_Lag_8,Sales_RollMean_2,Sales_RollStd_2,Sales_RollMean_3,Sales_RollStd_3,Sales_RollMean_4,Sales_RollStd_4,Sales_ExpandMean,Sales_ExpandStd,Q1,Q2,Q3,Q4,QoQ_Growth,YoY_Growth,Sales_Momentum_2Q,Sales_Momentum_4Q,Avg_Loan_Change
2009,1,2221,1275799.0,574.4254840162089,169.6258268485557,200.0,1000.0,2009-03-01,0,2009-Q1,,,,,,,,,,,,,,,,,,,1,0,0,0,,,,,
2009,2,6987,5081241.0,727.2421640188923,289.37564908571545,180.0,2500.0,2009-06-01,1,2009-Q2,1275799.0,2221.0,,,,,,,,,,,,,,,1275799.0,,0,1,0,0,2.982791176353015,,,,0.2660339491455628
2009,3,9588,6464408.0,674.2186065915728,252.05148762661435,150.0,2500.0,2009-09-01,2,2009-Q3,5081241.0,6987.0,1275799.0,2221.0,,,,,,,3178520.0,2690853.8436120977,,,,,3178520.0,2690853.8436120977,0,0,1,0,0.27221046984388253,,5188609.0,,-0.07291045548610686
2009,4,9065,6372633.0,702.9931605074462,313.0476845108037,180.0,2500.0,2009-12-01,3,2009-Q4,6464408.0,9588.0,5081241.0,6987.0,1275799.0,2221.0,,,,,5772824.5,978046.7652134533,4273816.0,2686888.011564494,,,4273816.0,2686888.011564494,0,0,0,1,-0.014196969003194115,,1291392.0,,0.042678374097890215
2010,1,13755,12576690.01,914.3358785896038,482.44967113618515,0.01,5000.0,2010-03-01,4,2010-Q1,6372633.0,9065.0,6464408.0,9588.0,5081241.0,6987.0,1275799.0,2221.0,,,6418520.5,64894.7248433954,5972760.666666667,773441.1093912278,4798520.25,2431906.589008903,4798520.25,2431906.589008903,1,0,0,0,0.9735468855651972,8.857892983142328,6112282.01,11300891.01,0.3006326803088706
2010,2,20167,22974582.0,1139.2166410472555,565.3494143046843,150.0,3750.0,2010-06-01,5,2010-Q2,12576690.01,13755.0,6372633.0,9065.0,6464408.0,9588.0,5081241.0,6987.0,,,9474661.504999999,4386930.782638936,8471243.67,3555716.93201537,7623743.0024999995,3361811.7326920084,6354154.202,4066400.399164398,0,1,0,0,0.8267590265588489,3.5214509605035467,16601949.0,17893341.0,0.2459498393572157
2010,3,19195,26439661.0,1377.4243813493097,678.2452346780816,200.0,6250.0,2010-09-01,6,2010-Q3,22974582.0,20167.0,12576690.01,13755.0,6372633.0,9065.0,6464408.0,9588.0,,,17775636.005,7352419.936174287,13974635.003333332,8388794.031500567,12097078.2525,7811238.972085393,9124225.501666667,7698588.169039915,0,0,1,0,0.15082228699525424,3.0900359321379467,13862970.99,19975253.0,0.20909784119996289
2010,4,21363,31523323.01,1475.6037546224782,806.2036663968826,0.01,14923.0,2010-12-01,7,2010-Q4,26439661.0,19195.0,22974582.0,20167.0,12576690.01,13755.0,6372633.0,9065.0,,,24707121.5,2450180.85824711,20663644.336666666,7214625.134423462,17090891.502499998,9260604.469634816,11597859.144285712,9603242.175554318,0,0,0,1,0.19227409950528496,3.9466716520471214,8548741.010000002,25150690.01,0.07127750503224939
2011,1,21094,30122082.0,1427.9928889731677,823.6195843291847,200.0,5000.0,2011-03-01,8,2011-Q1,31523323.01,21363.0,26439661.0,19195.0,22974582.0,20167.0,12576690.01,13755.0,1275799.0,2221.0,28981492.005000003,3594691.8805314405,26979188.67,4299832.647212633,23378564.005,8011472.967491641,14088542.1275,11343529.673499662,1,0,0,0,-0.044450929540502226,1.3950723104449008,3682421.0,17545391.990000002,-0.03226534596443287
2011,2,32707,49075758.03,1500.4665065582292,798.0031827891511,0.01,6250.0,2011-06-01,9,2011-Q2,30122082.0,21094.0,31523323.01,21363.0,26439661.0,19195.0,22974582.0,20167.0,5081241.0,6987.0,30822702.505000003,990827.0202476991,29361688.67,2625748.1543763075,27764912.002499998,3846446.648136894,15870046.55777778,11880868.216917718,0,1,0,0,0.62922861806166,1.1360892672606622,17552435.02,26101176.03,0.05075208577346291
2011,3,34358,54391293.03,1583.0750634495605,799.0681381152128,0.01,8154.0,2011-09-01,10,2011-Q3,49075758.03,32707.0,30122082.0,21094.0,31523323.01,21363.0,26439661.0,19195.0,6464408.0,9588.0,39598920.015,13402272.849225922,36907054.34666667,10561670.374121888,34290206.01,10087492.33438106,19190617.705000002,15353601.038485866,0,0,1,0,0.10831284555504195,1.0571857192117555,24269211.03,27951632.03,0.05505524883778912
2011,4,34377,60265310.83,1753.0706818512376,907.5690464596477,0.01,10000.0,2011-12-01,11,2011-Q4,54391293.03,34358.0,49075758.03,32707.0,30122082.0,21094.0,31523323.01,21363.0,6372633.0,9065.0,51733525.53,3758650.8441344323,44529711.02,12757294.327854777,41278114.0175,12279681.238195019,22390679.098181818,18022321.728499778,0,0,0,1,0.1079955535670043,0.9117689721633186,11189552.799999997,28741987.819999997,0.10738316983608631
2012,1,28124,50689655.12,1802.3629327264969,922.9319350155166,0.01,10000.0,2012-03-01,12,2012-Q1,60265310.83,34377.0,54391293.03,34358.0,49075758.03,32707.0,30122082.0,21094.0,12576690.01,13755.0,57328301.93,4153557.8191904807,54577453.96333333,5597098.791858274,48463610.9725,13053785.442932975,25546898.409166664,20367058.719251882,1,0,0,0,-0.15889166716507253,0.682807155229177,-3701637.910000004,20567573.119999997,0.028117663129935355
2012,2,38336,72829279.03,1899.7620782032554,976.4823418780031,0.01,15000.0,2012-06-01,13,2012-Q2,50689655.12,28124.0,60265310.83,34377.0,54391293.03,34358.0,49075758.03,32707.0,22974582.0,20167.0,55477482.974999994,6771011.086848681,55115419.66,4828722.926542796,53605504.2525,4966261.660991835,27480956.617692307,20709334.750353925,0,1,0,0,0.4367680911931209,0.48401740397936344,12563968.200000003,23753521.0,0.05403969628326721
2012,3,41138,72989825.02,1774.2677091739997,1083.5727277519147,0.0,16000.0,2012-09-01,14,2012-Q3,72829279.03,38336.0,50689655.12,28124.0,60265310.83,34377.0,54391293.03,34358.0,26439661.0,19195.0,61759467.074999996,15655078.19968083,61261414.99333333,11103373.557041943,59543884.5025,9694822.338715035,30720122.504285716,23297570.286430206,0,0,1,0,0.002204415478750832,0.3419395082176444,22300169.9,18598531.989999995,-0.06605793981736119
2012,4,47021,80555988.09,1713.1917247612769,1176.4695812972213,0.01,15000.0,2012-12-01,15,2012-Q4,72989825.02,41138.0,72829279.03,38336.0,50689655.12,28124.0,60265310.83,34377.0,31523323.01,21363.0,72909552.025,113523.15822183328,65502919.72333333,12828914.603738004,64193517.5,10797167.993037948,33538102.672,24962415.639241584,0,0,0,1,0.10366051799585496,0.3366891662972944,7726709.060000002,20290677.260000005,-0.034423206879618196
2013,1,46083,83375299.11,1809.2420005207994,1231.2401726948442,0.01,12900.0,2013-03-01,16,2013-Q1,80555988.09,47021.0,72989825.02,41138.0,72829279.03,38336.0,50689655.12,28124.0,30122082.0,21094.0,76772906.555,5350085.214360232,75458364.04666667,4415401.671320908,69266186.815,12898426.910010662,36476720.510625,26828125.386124108,1,0,0,0,0.034998155777695494,0.644818827680357,10385474.090000004,32685643.990000002,0.056065106065642745
2013,2,49518,96705108.85,1952.9284068419563,1256.3348982436992,0.01,13250.0,2013-06-01,17,2013-Q2,83375299.11,46083.0,80555988.09,47021.0,72989825.02,41138.0,72829279.03,38336.0,49075758.03,32707.0,81965643.6,1993553.9405159217,78973704.07333332,5370496.722889236,77437597.8125,5354124.249460606,39235460.42823529,28357450.927605018,0,1,0,0,0.15987720442733888,0.3278328460476041,16149120.75999999,23875829.819999993,0.07941801388636582
2013,3,43789,83399649.88,1904.579914590422,1229.9854216880137,0.0,16000.0,2013-09-01,18,2013-Q3,96705108.85,49518.0,83375299.11,46083.0,80555988.09,47021.0,72989825.02,41138.0,54391293.03,34358.0,90040203.97999999,9425598.859080466,86878798.68333334,8625798.935491439,83406555.2675,9890846.047678426,42428218.67388889,30664785.48052479,0,0,1,0,-0.13758796332713086,0.14262021942301684,24350.769999995828,10409824.86,-0.02475691995781748
2013,4,50060,97485552.68,1947.3742045545348,1233.520217468921,0.01,10000.0,2013-12-01,19,2013-Q4,83399649.88,43789.0,96705108.85,49518.0,83375299.11,46083.0,80555988.09,47021.0,60265310.83,34377.0,90052379.365,9408380.26448636,87826685.94666666,7688949.41964276,86009011.4825,7254588.7052691085,44584609.79,31248023.85791082,0,0,0,1,0.16889642606734667,0.21015898372552644,780443.8300000131,16929564.590000004,0.02246914904241004
2014,1,25659,60288135.3,2349.590213960014,1465.060909554542,0.01,10000.0,2014-03-01,20,2014-Q1,97485552.68,50060.0,83399649.88,43789.0,96705108.85,49518.0,83375299.11,46083.0,50689655.12,28124.0,90442601.28,9960237.38901457,92530103.80333333,7916827.949218704,90241402.63,7920651.6206027595,47229656.9345,32633923.40652885,1,0,0,0,-0.38156851305035866,-0.27690651855461756,-23111514.58,-23087163.810000002,0.20654274276858198
2014,2,26238,64716089.06,2466.502365271743,1552.4802045277029,0.01,20000.0,2014-06-01,21,2014-Q2,60288135.3,25659.0,97485552.68,50060.0,83399649.88,43789.0,96705108.85,49518.0,72829279.03,38336.0,78886843.99000001,26302546.07202435,80391112.61999999,18780320.478338156,84469611.6775,17368656.91681923,47851489.23761905,31935004.191878244,0,1,0,0,0.07344652041344535,-0.33078934681329397,-32769463.620000005,-31989019.78999999,0.04975852836681893
2014,3,26743,74421741.75,2782.8494091911903,1889.507813941142,250.0,24095.0,2014-09-01,22,2014-Q3,64716089.06,26238.0,60288135.3,25659.0,97485552.68,50060.0,83399649.88,43789.0,72989825.02,41138.0,62502112.18,3131036.1304765665,74163259.01333334,20318679.33776343,76472356.73,17220923.777419664,48618061.95681818,31372096.063472457,0,0,1,0,0.1499727939523916,-0.10764923045741681,14133606.450000003,-8977908.129999995,0.12825734464057326
2014,4,21615,59002909.08,2729.7205218598197,1894.143748241731,250.0,25500.0,2014-12-01,23,2014-Q4,74421741.75,26743.0,64716089.06,26238.0,60288135.3,25659.0,97485552.68,50060.0,80555988.09,47021.0,69568915.405,6862932.832940487,66475322.03666666,7229168.923224414,74227879.6975,16590635.612252051,49739961.07826087,31119460.007080138,0,0,0,1,-0.20718183030162685,-0.3947522739735675,-5713179.980000004,-38482643.60000001,-0.019091542343576573
2015,1,21516,52637847.79,2446.4513752556236,1712.105405171494,52.0,21000.0,2015-03-01,24,2015-Q1,59002909.08,21615.0,74421741.75,26743.0,64716089.06,26238.0,60288135.3,25659.0,83375299.11,46083.0,66712325.415,10902761.138937702,66046913.29666666,7795089.485569682,64607218.7975,6985687.348363357,50125917.245000005,30494108.13989083,1,0,0,0,-0.10787707571112859,-0.12689540772709884,-21783893.96,-7650287.509999998,-0.10377221563004502
2015,2,20163,44634131.35,2213.665196151366,1801.9001869693786,0.01,27000.0,2015-06-01,25,2015-Q2,52637847.79,21516.0,59002909.08,21615.0,74421741.75,26743.0,64716089.06,26238.0,96705108.85,49518.0,55820378.435,4500778.000827046,62020832.87333333,11201134.18506833,62694646.919999994,9244441.906674538,50226394.466800004,29856282.087380413,0,1,0,0,-0.15205250168910822,-0.31030858016437746,-14368777.729999997,-20081957.71,-0.09515258772716628
2015,3,20149,41333644.81,2051.399315598789,1520.0025380250097,63.4,16456.1,2015-09-01,26,2015-Q3,44634131.35,20163.0,52637847.79,21516.0,59002909.08,21615.0,74421741.75,26743.0,83399649.88,43789.0,48635989.57,5659482.169418305,52091629.40666666,7199945.086961019,57674157.49250001,12618159.618316365,50011307.423846155,29273614.4029943,0,0,1,0,-0.07394535168880345,-0.4446025605145152,-11304202.979999997,-33088096.939999998,-0.07330190709719309
2015,4,14480,31323725.97,2163.2407437845304,1694.9817247478725,33.38,20416.0,2015-12-01,27,2015-Q4,41333644.81,20149.0,44634131.35,20163.0,52637847.79,21516.0,59002909.08,21615.0,97485552.68,50060.0,42983888.08,2333796.413649094,46201874.65,5812883.5825501485,49402133.25750001,7968251.438199453,49689912.51222222,28753678.946695574,0,0,0,1,-0.24217363085237198,-0.4691155663608172,-13310405.380000003,-27679183.11,0.0545195795549418
2016,1,11764,11322403.08,962.4620095205712,1631.7621793322462,24.77,17545.0,2016-03-01,28,2016-Q1,31323725.97,14480.0,41333644.81,20149.0,44634131.35,20163.0,52637847.79,21516.0,60288135.3,25659.0,36328685.39,7078081.490891062,39097167.376666665,6931312.741994825,42482337.480000004,8824184.800813226,49033977.27857143,28428855.422077637,1,0,0,0,-0.638535878814547,-0.7848999616175226,-30011241.730000004,-41315444.71,-0.555083264640823
2016,2,2367,3402782.91,1437.5931178707226,1833.563256708521,52.21,24634.31,2016-06-01,29,2016-Q2,11322403.08,11764.0,31323725.97,14480.0,41333644.81,20149.0,44634131.35,20163.0,64716089.06,26238.0,21323064.525,14143071.048220785,27993257.95333333,15280303.34946439,32153476.302500002,14996269.996860681,47733578.16827586,28781515.575757686,0,1,0,0,-0.6994646025267632,-0.9237627616561648,-27920943.06,-41231348.44,0.49366219513103404
2016,3,4714,7408148.98,1571.5207848960545,1535.5196031636028,73.0,41800.0,2016-09-01,30,2016-Q3,3402782.91,2367.0,11322403.08,11764.0,31323725.97,14480.0,41333644.81,20149.0,74421741.75,26743.0,7362592.995,5600017.12662901,15349637.319999995,14389535.331546025,21845639.1925,17516601.059622616,46255884.993,29416292.683545154,0,0,1,0,1.1770853962587933,-0.8207719398070669,-3914254.0999999996,-33925495.83,0.09316103796023834
2016,4,3474,3987834.29,1147.9085463442718,1163.131515022391,99.0,12000.0,2016-12-01,31,2016-Q4,7408148.98,4714.0,3402782.91,2367.0,11322403.08,11764.0,31323725.97,14480.0,59002909.08,21615.0,5405465.945,2832221.5092320293,7377778.323333328,3959897.4345123004,13364265.235,12401853.112961281,45002732.2183871,29751579.469130367,0,0,0,1,-0.4616962616753423,-0.8726896572323705,585051.3799999999,-27335891.68,-0.2695556066602083
2017,1,3621,3107649.32,858.2295829881248,918.5859445930084,100.0,19300.0,2017-03-01,32,2017-Q1,3987834.29,3474.0,7408148.98,4714.0,3402782.91,2367.0,11322403.08,11764.0,52637847.79,21516.0,5697991.635,2418527.711091566,4932922.059999995,2163476.948901723,6530292.315,3650587.431979356,43721016.658125,30152487.10997744,1,0,0,0,-0.2207175388925201,-0.7255309409104698,-4300499.66,-8214753.76,-0.25235369514294803
2017,2,6915,6247712.17,903.5013984092552,1099.4562057259534,66.0,30000.0,2017-06-01,33,2017-Q2,3107649.32,3621.0,3987834.29,3474.0,7408148.98,4714.0,3402782.91,2367.0,44634131.35,20163.0,3547741.8049999997,622384.7609879158,4834544.196666662,2271841.231457483,4476603.875,1988297.4667130276,42490308.5569697,30508097.927426003,0,1,0,0,1.0104302405652388,0.8360595827725019,2259877.88,2844929.26,0.05275023876886897
2017,3,10538,12472433.29,1183.5674027329662,1279.2643496256283,51.5,13179.33,2017-09-01,34,2017-Q3,6247712.17,6915.0,3107649.32,3621.0,3987834.29,3474.0,7408148.98,4714.0,41333644.81,20149.0,4677680.744999999,2220359.7345876256,4447731.926666661,1619761.7271209485,5187836.1899999995,1984969.1813355244,41424349.839705884,30678539.50046628,0,0,1,0,0.9963200849567946,0.6836099440861945,9364783.969999999,5064284.309999999,0.3099784956800373
2017,4,10737,15759677.19,1467.7914864487286,1502.4863537835415,57.0,13771.0,2017-12-01,35,2017-Q4,12472433.29,10538.0,6247712.17,6915.0,3107649.32,3621.0,3987834.29,3474.0,31323725.97,14480.0,9360072.729999999,4401542.514947428,7275931.593333327,4766311.05658053,6453907.2675,4224694.469557061,40597152.224,30617645.071033314,0,0,0,1,0.26356075222591957,2.951938832944836,9511965.02,11771842.899999999,0.24014186522834513
2018,1,8339,17082039.37,2048.45177719151,1982.5712163560052,50.0,15000.0,2018-03-01,36,2018-Q1,15759677.19,10737.0,12472433.29,10538.0,6247712.17,6915.0,3107649.32,3621.0,11322403.08,11764.0,14116055.239999998,2324432.453104639,11493274.216666661,4830986.856077519,9396867.9925,5756616.387193014,39907222.361944444,30459683.18942118,1,0,0,0,0.08390794837086402,4.496771871930518,4609606.080000002,13974390.05,0.39560134808226
2018,2,11561,33794489.36,2923.1458662745436,2545.209319271997,55.0,20000.0,2018-06-01,37,2018-Q2,17082039.37,8339.0,15759677.19,10737.0,12472433.29,10538.0,6247712.17,6915.0,3402782.91,2367.0,16420858.28,935051.2646638643,15104716.61666666,2373572.6379571143,12890465.504999999,4833997.309388811,39290325.52432433,30267161.65867569,0,1,0,0,0.9783638608953749,4.409098313183016,18034812.17,27546777.189999998,0.4270025288475505
2018,3,9001,26094664.73,2899.0850716587047,2445.5386518818523,79.0,20000.0,2018-09-01,38,2018-Q3,33794489.36,11561.0,17082039.37,8339.0,15759677.19,10737.0,12472433.29,10538.0,7408148.98,4714.0,25438264.365,11817486.718170125,22212068.639999993,10052438.148781974,19777159.8025,9543730.892291075,39145698.25684211,29868653.035068702,0,0,1,0,-0.2278426091300466,1.0921871557270122,9012625.36,13622231.440000001,-0.00823113033579248
2018,4,8878,31107306.33,3503.8641957648115,3152.0169041438903,50.0,20000.0,2018-12-01,39,2018-Q4,26094664.73,9001.0,33794489.36,11561.0,17082039.37,8339.0,15759677.19,10737.0,3987834.29,3474.0,29944577.045,5444598.209820347,25657064.48666666,8364814.202765436,23182717.662499998,8434234.598127399,38811056.37153846,29547023.234355636,0,0,0,1,0.19209450099725411,0.9738542836231787,-2687183.030000001,15347629.139999999,0.20861034055826577
2019,1,6669,20738618.98,3109.704450442345,3060.957116330124,37.0,20000.0,2019-03-01,40,2019-Q1,31107306.33,8878.0,26094664.73,9001.0,33794489.36,11561.0,17082039.37,8339.0,3107649.32,3621.0,28600985.53,3544472.8670180244,30332153.473333325,3908000.9335448076,27019624.947499998,7353436.507436487,38618462.6205,29191179.81778844,1,0,0,0,-0.33332000013130025,0.21405989828250815,-5356045.75,3656579.6099999994,-0.11249287166976818
2019,2,7250,22540190.77,3108.9918303448276,2901.2002739854024,24.0,20000.0,2019-06-01,41,2019-Q2,20738618.98,6669.0,31107306.33,8878.0,26094664.73,9001.0,33794489.36,11561.0,6247712.17,6915.0,25922962.655,7331769.1371883005,25980196.679999992,5185291.365137081,27933769.849999998,5761130.405550248,38182368.87317073,28958921.64239623,0,1,0,0,0.0868703837867606,-0.33302170866120173,-8567115.559999999,-11254298.59,-0.0002291600725645715
2019,3,10361,38005961.04,3668.1749869703694,3176.458458356485,29.0,20000.0,2019-09-01,42,2019-Q3,22540190.77,7250.0,20738618.98,6669.0,31107306.33,8878.0,26094664.73,9001.0,12472433.29,10538.0,21639404.875,1273903.6295042408,24795372.026666656,5540018.1602434805,25120195.202499997,4569818.507642185,37809936.06119047,28705237.808376197,0,0,1,0,0.6861419420896941,0.4564648150587678,17267342.06,11911296.309999999,0.17985996333850807
2019,4,12540,62853938.74,5012.275816586922,4368.20531317257,40.0,30000.0,2019-12-01,43,2019-Q4,38005961.04,10361.0,22540190.77,7250.0,20738618.98,6669.0,31107306.33,8878.0,15759677.19,10737.0,30273075.905,10935951.034190377,27094923.59666666,9492073.99865788,28098019.279999997,8005692.745188009,37814494.7816279,28361465.857753564,0,0,0,1,0.6537915900573685,1.0205522803298286,40313747.97,31746632.410000004,0.3664222220561719
2020,1,9995,47470110.57,4749.385749874938,4625.1448555390825,29.0,30000.0,2020-03-01,44,2020-Q1,62853938.74,12540.0,38005961.04,10361.0,22540190.77,7250.0,20738618.98,6669.0,17082039.37,8339.0,50429949.89,17570173.530442122,41133363.51666666,20338019.902032375,36034677.3825,19486998.32031484,38383573.05340909,28282782.85766397,1,0,0,0,-0.2447551971824129,1.2889716338286283,9464149.530000001,26731491.59,-0.052449241887689624
2020,2,4558,16583921.32,3638.420649407635,3955.715810933545,70.0,30000.0,2020-06-01,45,2020-Q2,47470110.57,9995.0,62853938.74,12540.0,38005961.04,10361.0,22540190.77,7250.0,33794489.36,11561.0,55162024.655,10878009.219615636,49443336.78333333,12540961.494704593,42717550.28,16905481.15734839,38585496.10933334,27992332.573601715,0,1,0,0,-0.6506449822663642,-0.26425106649618646,-46270017.42,-5956269.449999999,-0.2339176388223586
2020,3,10023,52028393.18,5190.900247430909,4618.8585211998325,99.0,30000.0,2020-09-01,46,2020-Q3,16583921.32,4558.0,47470110.57,9995.0,62853938.74,12540.0,38005961.04,10361.0,26094664.73,9001.0,32027015.944999997,21839833.863686077,42302656.87666666,23563861.340330742,41228482.9175,19359384.622341838,38107201.00521739,27869001.535276305,0,0,1,0,2.1372793066290305,0.3689534945647568,4558282.609999999,14022432.14,0.4266905197660502
2020,4,5715,27013826.39,4726.828764654419,4634.606498958668,100.0,30000.0,2020-12-01,47,2020-Q4,52028393.18,10023.0,16583921.32,4558.0,47470110.57,9995.0,62853938.74,12540.0,31107306.33,8878.0,34306157.25,25063026.407781783,38694141.68999999,19283175.793826826,44734090.9525,19844844.691709034,38403396.58340426,27639107.569040433,0,0,0,1,-0.48078684082090273,-0.5702126719258644,10429905.07,-35840112.35,-0.08940096335046499
2021,1,9355,53519179.01,5720.917050774987,4797.138605387956,89.5,30000.0,2021-03-01,48,2021-Q1,27013826.39,5715.0,52028393.18,10023.0,16583921.32,4558.0,47470110.57,9995.0,20738618.98,6669.0,39521109.785,17687969.80565283,31875380.296666656,18215479.026068788,35774062.864999995,16792895.933715813,38166113.87104166,27392867.550047837,1,0,0,0,0.9811772770484588,0.127428994105248,1490785.8299999982,6049068.439999998,0.2103076577586256
2021,2,13136,75095088.31,5716.739365864799,4760.727551062878,139.0,30000.0,2021-06-01,49,2021-Q2,53519179.01,9355.0,27013826.39,5715.0,52028393.18,10023.0,16583921.32,4558.0,22540190.77,7250.0,40266502.699999996,18742114.575342644,44187132.85999999,14891187.055844124,37286329.975,18393367.186350808,38479441.731020406,27194614.248886976,0,1,0,0,0.4031435029294559,3.5281864802045506,48081261.92,58511166.99,-0.0007302474189206931
2021,3,12486,71483425.2,5725.08611244594,4623.032411783091,181.46,30000.0,2021-09-01,50,2021-Q3,75095088.31,13136.0,53519179.01,9355.0,27013826.39,5715.0,52028393.18,10023.0,38005961.04,10361.0,64307133.66,15256471.77629589,51876031.23666666,24082709.31412551,51914121.722500004,19663597.385682624,39211754.6626,27409275.050872833,0,0,1,0,-0.048094531763391735,0.3739310563117415,17964246.190000005,19455032.020000003,0.0014600537206541642
2021,4,13172,79064549.58,6002.471119040389,4653.165617709171,284.0,30000.0,2021-12-01,51,2021-Q4,71483425.2,12486.0,75095088.31,13136.0,53519179.01,9355.0,27013826.39,5715.0,62853938.74,12540.0,73289256.755,2553831.476442151,66699230.839999996,11556225.693804514,56777879.72750001,21971885.060552277,39844532.51627451,27507522.426697373,0,0,0,1,0.10605429662595389,1.92681786128855,3969461.269999996,52050723.19,0.04845080076462671
2022,1,11665,72958306.82,6254.46265066438,4845.046371828303,300.0,30000.0,2022-03-01,52,2022-Q1,79064549.58,13172.0,71483425.2,12486.0,75095088.31,13136.0,53519179.01,9355.0,47470110.57,9995.0,75273987.39,5360664.458116577,75214354.36333333,3791969.1467448142,69790560.525,11280788.02254293,40598763.613653846,27774236.293036476,1,0,0,0,-0.07723110790407417,0.36321797474448947,1474881.6199999899,19439127.809999995,0.04198129847299903
2022,2,16467,104993220.53,6375.977441549766,4738.09103981211,300.0,30000.0,2022-06-01,53,2022-Q2,72958306.82,11665.0,79064549.58,13172.0,71483425.2,12486.0,75095088.31,13136.0,16583921.32,4558.0,76011428.19999999,4317765.663167165,74502093.86666666,4019430.376352872,74650342.47749999,3295217.3882798874,41209321.03264151,27862713.21555454,0,1,0,0,0.43908521327167516,0.3981369872897349,25928670.950000003,29898132.22,0.01942849412850478
2022,3,16060,108537744.59,6758.2655410958905,4990.593387910353,85.0,30000.0,2022-09-01,54,2022-Q3,104993220.53,16467.0,72958306.82,11665.0,79064549.58,13172.0,71483425.2,12486.0,52028393.18,10023.0,88975763.675,22652104.71906687,85672025.64333333,17008908.814131115,82124875.5325,15594798.758990929,42390504.35666667,28931358.686516695,0,0,1,0,0.0337595517320779,0.5183623936084136,35579437.77000001,37054319.39,0.059957567769123754
2022,4,16582,125488197.89,7567.735972138464,5544.190659093478,67.0,50000.0,2022-12-01,55,2022-Q4,108537744.59,16060.0,104993220.53,16467.0,72958306.82,11665.0,79064549.58,13172.0,27013826.39,5715.0,106765482.56,2506356.9989043144,95496423.97999997,19598876.410177007,91388455.38,17988299.764993712,43593181.45181818,30017942.146535337,0,0,0,1,0.15617104781410496,0.5871613581131845,20494977.36,46423648.31,0.11977487805418674
2023,1,10653,76326940.11,7164.83057448606,5404.487312059234,54.0,40000.0,2023-03-01,56,2023-Q1,125488197.89,16582.0,108537744.59,16060.0,104993220.53,16467.0,72958306.82,11665.0,53519179.01,9355.0,117012971.24000001,11985780.472615752,113006387.67,10953885.268663809,102994367.4575,21930661.867077056,45055592.45964285,31693182.37051019,1,0,0,0,-0.3917600109541266,0.04617203217600663,-32210804.480000004,3368633.2900000066,-0.05323988563234083
2023,2,12607,101140848.68,8022.5944856032365,6047.383666277395,44.0,50000.0,2023-06-01,57,2023-Q2,76326940.11,10653.0,125488197.89,16582.0,108537744.59,16060.0,104993220.53,16467.0,75095088.31,13136.0,100907569.0,34762258.74789787,103450960.86333334,24972261.47427004,103836525.78,20404342.756205868,45604212.59385965,31680864.147467803,0,1,0,0,0.3251002664883327,-0.036691624759707664,-24347349.209999993,-3852371.849999994,0.11971865938765824
2023,3,13215,105230455.18,7962.955367385547,5834.523628026493,70.0,50000.0,2023-09-01,58,2023-Q3,101140848.68,12607.0,76326940.11,10653.0,125488197.89,16582.0,108537744.59,16060.0,71483425.2,12486.0,88733894.39500001,17546083.0175899,100985328.89333332,24580997.87296957,102873432.8175,20422456.185967706,46561740.802241385,32237349.110525075,0,0,1,0,0.040434765511402126,-0.030471329789404034,28903515.070000008,-3307289.4099999964,-0.007433894150416509
2023,4,11137,94828569.8,8514.731956541258,6657.510293629808,56.0,50000.0,2023-12-01,59,2023-Q4,105230455.18,13215.0,101140848.68,12607.0,76326940.11,10653.0,125488197.89,16582.0,79064549.58,13172.0,103185651.93,2891788.488533955,94232747.99000001,15641121.673582485,102046610.465,20182225.973648038,47556125.79169492,32858300.632182136,0,0,0,1,-0.09884862098341451,-0.24432280170981113,-6312278.88000001,-30659628.090000004,0.06929294008298248
2024,1,9916,92206339.03,9298.743347115773,7173.27725466575,55.0,60000.0,2024-03-01,60,2024-Q1,94828569.8,11137.0,105230455.18,13215.0,101140848.68,12607.0,76326940.11,10653.0,72958306.82,11665.0,100029512.49000001,7355243.689322974,100399957.88666666,5240371.574649788,94381703.4425,12774396.621596625,48343999.858500004,33145334.466029197,1,0,0,0,-0.027652328570708873,0.20804448464873748,-13024116.150000006,15879398.920000002,0.09207704888140555
2024,2,12131,115568136.23,9526.67844612975,7281.372006391788,49.5,60000.0,2024-06-01,61,2024-Q2,92206339.03,9916.0,94828569.8,11137.0,105230455.18,13215.0,101140848.68,12607.0,104993220.53,16467.0,93517454.41499999,1854197.1593021147,97421788.00333333,6888431.306164401,98351553.1725,5923808.767930695,49063054.59901639,33344300.859796096,0,1,0,0,0.2533643288060605,0.14264550612627902,20739566.430000007,14427287.549999997,0.02451246265278173
2024,3,12872,126500642.56,9827.582548166563,7246.565391508553,52.0,60000.0,2024-09-01,62,2024-Q3,115568136.23,12131.0,92206339.03,9916.0,94828569.8,11137.0,105230455.18,13215.0,108537744.59,16060.0,103887237.63,16519285.22082479,100867681.68666665,12798302.480729204,101958375.06,10675024.3901685,50135717.20596774,34131407.669169575,0,0,1,0,0.0945979288637353,0.20212957687597832,34294303.53,21270187.379999995,0.03158541602283815
2024,4,11373,111083720.78,9767.319157654094,7933.312362297115,53.0,68000.0,2024-12-01,63,2024-Q4,126500642.56,12872.0,115568136.23,12131.0,92206339.03,9916.0,94828569.8,11137.0,125488197.89,16582.0,121034389.39500001,7730449.361307584,111425039.27333333,17518525.992394336,107275921.905,16536622.03642625,51347858.87825397,35195575.481234305,0,0,0,1,-0.12187228039326092,0.1714161777856953,-4484415.450000003,16255150.980000004,-0.00613206658067833
2025,1,9539,94082928.49,9862.976044658768,7652.355820247579,54.0,120000.0,2025-03-01,64,2025-Q1,111083720.78,11373.0,126500642.56,12872.0,115568136.23,12131.0,92206339.03,9916.0,76326940.11,10653.0,118792181.67,10901409.935660396,117717499.85666667,7930018.429511074,111339709.65,14304834.609644024,52281231.72046875,35704649.65500642,1,0,0,0,-0.15304485815405733,0.020352065592685875,-32417714.070000008,1876589.4599999934,0.00979356622433225
2025,2,11761,123285801.3,10482.595127965309,8185.823648752676,101.0,80000.0,2025-06-01,65,2025-Q2,94082928.49,9539.0,111083720.78,11373.0,126500642.56,12872.0,115568136.23,12131.0,101140848.68,12607.0,102583324.63499999,12021375.513802858,110555763.94333333,16215304.505222972,111808857.015,13474854.450040322,52924334.74769231,35802035.01008217,0,1,0,0,0.31039502361051574,0.06678021573905579,12202080.519999996,7717665.069999993,0.06282273022878249
2025,3,13755,149584441.28,10874.91394256634,8358.659890696854,135.86,80000.0,2025-09-01,66,2025-Q3,123285801.3,11761.0,94082928.49,9539.0,111083720.78,11373.0,126500642.56,12872.0,105230455.18,13215.0,108684364.895,20649549.39407917,109484150.18999998,14667000.87419211,113738273.2825,14690275.567199804,53990417.57424243,36566064.620605804,0,0,1,0,0.21331442633856668,0.18247969538218922,55501512.79000001,23083798.72,0.03742573378174341
